@misc{fischer2010lineare,
	title={Lineare Algebra, Vieweg+ Teubner, Wiesbaden, 17},
	author={Fischer, Gerd},
	year={2010},
	publisher={Auflage}
}

@book{beutelspacher1995moderne,
	title={Moderne Verfahren der Kryptographie},
	author={Beutelspacher, Albrecht and Schwenk, J{\"o}rg and Wolfenstetter, Klaus-Dieter},
	year={1995},
	publisher={Vieweg}
}

@book{delfs2002introduction,
	title={Introduction to cryptography},
	author={Delfs, Hans and Knebl, Helmut and Knebl, Helmut},
	volume={2},
	year={2002},
	publisher={Springer}
}

@book{stinson2006cryptography,
	title={Cryptography: theory and practice},
	author={Stinson, Douglas R},
	year={2006},
	publisher={CRC press}
}

@misc{Cryptosy29:online,
	author = {},
	title = {Cryptosystem - Wikipedia},
	howpublished = {\url{https://en.wikipedia.org/wiki/Cryptosystem}},
	month = {},
	year = {},
	note = {(Aufgerufen am 28. März 2017)}
}

@book{menezes1996handbook,
	title={Handbook of applied cryptography},
	author={Menezes, Alfred J and Van Oorschot, Paul C and Vanstone, Scott A},
	year={1996},
	publisher={CRC press}
}

@book{buchmann2004introduction,
	title={Introduction to cryptography},
	author={Buchmann, Johannes},
	year={2004},
	publisher={Springer Science \& Business Media}
}

@inproceedings{goldwasser1984probabilistic,
	title={Probabilistic encryption \& how to play mental poker keeping secret all partial information},
	author={Goldwasser, Shafi and Micali, Silvio},
	booktitle={Proceedings of the fourteenth annual ACM symposium on Theory of computing},
	pages={365--377},
	year={1982},
	organization={ACM}
}

@article{tr2015la,
	title={Lernbuch Lineare Algebra und Analytische Geometrie},
	author={Fischer, Gerd},
	journal={Vieweg+ Teubner, Wiesbaden},
	year={2011},
	publisher={Springer}
}

@inproceedings{nikolaenko2013privacy,
	title={Privacy-preserving matrix factorization},
    author={Nikolaenko, Valeria and Ioannidis, Stratis and Weinsberg, Udi and Joye, Marc and Taft, Nina and Boneh, Dan},
    booktitle={Proceedings of the 2013 ACM SIGSAC conference on Computer \& communications security},
    pages={801--812},
    year={2013},
    organization={ACM}

}

@inproceedings{boneh2012targeted,
	title={Targeted malleability: homomorphic encryption for restricted computations},
	author={Boneh, Dan and Segev, Gil and Waters, Brent},
	booktitle={Proceedings of the 3rd Innovations in Theoretical Computer Science Conference},
	pages={350--366},
	year={2012},
	organization={ACM}
}

@inproceedings{bost2015machine,
	title={Machine Learning Classification over Encrypted Data.},
	author={Bost, Raphael and Popa, Raluca Ada and Tu, Stephen and Goldwasser, Shafi},
	booktitle={NDSS},
	year={2015}
}

@inproceedings{tople2013autocrypt,
	title={AUTOCRYPT: enabling homomorphic computation on servers to protect sensitive web content},
	author={Tople, Shruti and Shinde, Shweta and Chen, Zhaofeng and Saxena, Prateek},
	booktitle={Proceedings of the 2013 ACM SIGSAC conference on Computer \& communications security},
	pages={1297--1310},
	year={2013},
	organization={ACM}
}

@book{smart2003,
	title={Cryptography: An Introduction},
	author={Smart, Nigel Paul},
	volume={5},
	year={2003},
	publisher={McGraw-Hill New York}
}

@article{kuribayashi2005fingerprinting,
	title={Fingerprinting protocol for images based on additive homomorphic property},
	author={Kuribayashi, Minoru and Tanaka, Hatsukazu},
	journal={IEEE Transactions on Image Processing},
	volume={14},
	number={12},
	pages={2129--2139},
	year={2005},
	publisher={IEEE}
}

@inproceedings{erkin2009privacy,
	title={Privacy-preserving face recognition},
	author={Erkin, Zekeriya and Franz, Martin and Guajardo, Jorge and Katzenbeisser, Stefan and Lagendijk, Inald and Toft, Tomas},
	booktitle={International Symposium on Privacy Enhancing Technologies Symposium},
	pages={235--253},
	year={2009},
	organization={Springer}
}

@inproceedings{sadeghi2009efficient,
	title={Efficient privacy-preserving face recognition},
	author={Sadeghi, Ahmad-Reza and Schneider, Thomas and Wehrenberg, Immo},
	booktitle={International Conference on Information Security and Cryptology},
	pages={229--244},
	year={2009},
	organization={Springer}
}

@inproceedings{damgaard2007efficient,
	title={Efficient and secure comparison for on-line auctions},
	author={Damg{\aa}rd, Ivan and Geisler, Martin and Kr{\o}igaard, Mikkel},
	booktitle={Australasian Conference on Information Security and Privacy},
	pages={416--430},
	year={2007},
	organization={Springer}
}

@article{bos2014private,
	title={Private predictive analysis on encrypted medical data},
	author={Bos, Joppe W and Lauter, Kristin and Naehrig, Michael},
	journal={Journal of biomedical informatics},
	volume={50},
	pages={234--243},
	year={2014},
	publisher={Elsevier}
}

@inproceedings{damgaard2001generalisation,
	title={A generalisation, a simpli. cation and some applications of paillier's probabilistic public-key system},
	author={Damg{\aa}rd, Ivan and Jurik, Mads},
	booktitle={International Workshop on Public Key Cryptography},
	pages={119--136},
	year={2001},
	organization={Springer}
}

@inproceedings{bos2013improved,
	title={Improved Security for a Ring-Based Fully Homomorphic Encryption Scheme.},
	author={Bos, Joppe W and Lauter, Kristin E and Loftus, Jake and Naehrig, Michael},
	booktitle={IMA Int. Conf.},
	pages={45--64},
	year={2013},
	organization={Springer}
}

@inproceedings{naehrig2011can,
	title={Can homomorphic encryption be practical?},
	author={Naehrig, Michael and Lauter, Kristin and Vaikuntanathan, Vinod},
	booktitle={Proceedings of the 3rd ACM workshop on Cloud computing security workshop},
	pages={113--124},
	year={2011},
	organization={ACM}
}

@inproceedings{naccache1998new,
	title={A new public key cryptosystem based on higher residues},
	author={Naccache, David and Stern, Jacques},
	booktitle={Proceedings of the 5th ACM conference on Computer and communications security},
	pages={59--66},
	year={1998},
	organization={ACM}
}

@article{okamoto1998new,
	title={A new public-key cryptosystem as secure as factoring},
	author={Okamoto, Tatsuaki and Uchiyama, Shigenori},
	journal={Advances in Cryptology—EUROCRYPT'98},
	pages={308--318},
	publisher={Springer}
}

@inproceedings{paillier1999public,
	title={Public-key cryptosystems based on composite degree residuosity classes},
	author={Paillier, Pascal},
	booktitle={International Conference on the Theory and Applications of Cryptographic Techniques},
	pages={223--238},
	year={1999},
	organization={Springer}
}

@inproceedings{boneh2005evaluating,
	title={Evaluating 2-DNF formulas on ciphertexts},
	author={Boneh, Dan and Goh, Eu-Jin and Nissim, Kobbi},
	booktitle={Theory of Cryptography Conference},
	pages={325--341},
	year={2005},
	organization={Springer}
}

@article{maimut2012homomorphic,
	title={Homomorphic encryption schemes and applications for a secure digital world},
	author={Maimut, Diana Stefania and Patrascu, Alecsandru and Simion, Emil},
	journal={Journal of Mobile, Embedded and Distributed Systems},
	volume={4},
	number={4},
	pages={224--232},
	year={2012}
}

@article{fontaine2007survey,
	title={A survey of homomorphic encryption for nonspecialists},
	author={Fontaine, Caroline and Galand, Fabien},
	journal={EURASIP Journal on Information Security},
	number={1},
	pages={1--10},
	year={2007},
	publisher={Springer}
}

@article{rivest1978method,
	title={A method for obtaining digital signatures and public-key cryptosystems},
	author={Rivest, Ronald L and Shamir, Adi and Adleman, Leonard},
	journal={Communications of the ACM},
	volume={21},
	number={2},
	pages={120--126},
	year={1978},
	publisher={ACM}
}


@article{diffie1976new,
	title={New directions in cryptography},
	author={Diffie, Whitfield and Hellman, Martin},
	journal={IEEE transactions on Information Theory},
	volume={22},
	number={6},
	pages={644--654},
	year={1976},
	publisher={IEEE}
}

@book{katz2014introduction,
	title={Introduction to modern cryptography},
	author={Katz, Jonathan and Lindell, Yehuda},
	year={2014},
	publisher={CRC press}
}

@phdthesis{gentry2009fully,
	title={A fully homomorphic encryption scheme},
	author={Gentry, Craig},
	year={2009},
	school={Stanford University}
}

@book{hoffmann2010grundlagen,
	title={Grundlagen der technischen Informatik},
	author={Hoffmann, Dirk W},
	year={2010},
	publisher={Carl Hanser Verlag GmbH Co KG}
}

@book{yi2014homomorphic,
	title={Homomorphic encryption and applications},
	author={Yi, Xun and Paulet, Russell and Bertino, Elisa},
	volume={3},
	year={2014},
	publisher={Springer}
}

@article{shannon1949communication,
	title={Communication theory of secrecy systems},
	author={Shannon, Claude E},
	journal={Bell Labs Technical Journal},
	volume={28},
	number={4},
	pages={656--715},
	year={1949},
	publisher={Wiley Online Library}
}

@inproceedings{boneh1996algorithms,
	title={Algorithms for black-box fields and their application to cryptography},
	author={Boneh, Dan and Lipton, Richard J},
	booktitle={Annual International Cryptology Conference},
	pages={283--297},
	year={1996},
	organization={Springer}
}

@article{armknecht2015guide,
	title={A Guide to Fully Homomorphic Encryption},
	author={Armknecht, Frederik and Boyd, Colin and Carr, Christopher and Gj{\o}steen, Kristian and J{\"a}schke, Angela and Reuter, Christian A and Strand, Martin},
	journal={IACR Cryptology ePrint Archive},
	pages={1192},
	year={2015}
}

@inproceedings{bellare1998relations,
	title={Relations among notions of security for public-key encryption schemes},
	author={Bellare, Mihir and Desai, Anand and Pointcheval, David and Rogaway, Phillip},
	booktitle={Advances in Cryptology—CRYPTO'98},
	pages={26--45},
	organization={Springer}
}

@article{dolev2003nonmalleable,
	title={Nonmalleable cryptography},
	author={Dolev, Danny and Dwork, Cynthia and Naor, Moni},
	journal={SIAM review},
	volume={45},
	number={4},
	pages={727--784},
	year={2003},
	publisher={SIAM}
}

@inproceedings{bellare1999non,
	title={Non-malleable encryption: Equivalence between two notions, and an indistinguishability-based characterization},
	author={Bellare, Mihir and Sahai, Amit},
	booktitle={Annual International Cryptology Conference},
	pages={519--536},
	year={1999},
	organization={Springer}
}

@article{goldreich1993uniform,
	title={A uniform-complexity treatment of encryption and zero-knowledge},
	author={Goldreich, Oded},
	journal={Journal of Cryptology},
	volume={6},
	number={1},
	pages={21--53},
	year={1993},
	publisher={Springer}
}

@misc{pdfrefer40:online,
	author = {{Adobe® Systems Incorporated}},
	title = {PDF Reference, Adobe® Portable Document Format, Version 1.7},
	howpublished = {\url{http://www.adobe.com/content/dam/Adobe/en/devnet/acrobat/pdfs/pdf_reference_1-7.pdf}},
	volume = {sixth edition},
	year = {2006},
	note = {(Aufgerufen am 12. Mai 2017)}
}

@book{schneier2011secrets,
	title={Secrets and lies: digital security in a networked world},
	author={Schneier, Bruce},
	year={2011},
	publisher={John Wiley \& Sons}
}

@inproceedings{bleichenbacher1998chosen,
	title={Chosen ciphertext attacks against protocols based on the RSA encryption standard PKCS\# 1},
	author={Bleichenbacher, Daniel},
	booktitle={Advances in Cryptology—CRYPTO'98},
	pages={1--12},
	organization={Springer}
}

@article{wu2008security,
	title={On The Security of The ElGamal Encryption Scheme and Damgard's Variant.},
	author={Wu, Jiang and Stinson, Douglas R},
	journal={IACR Cryptology ePrint Archive},
	pages={200},
	year={2008}
}

@article{armknecht2013group,
	title={Group homomorphic encryption: characterizations, impossibility results, and applications},
	author={Armknecht, Frederik and Katzenbeisser, Stefan and Peter, Andreas},
	journal={Designs, codes and cryptography},
	pages={1--24},
	year={2013},
	publisher={Springer}
}

@article{elgamal1985public,
	title={A public key cryptosystem and a signature scheme based on discrete logarithms},
	author={ElGamal, Taher},
	journal={IEEE transactions on information theory},
	volume={31},
	number={4},
	pages={469--472},
	year={1985},
	publisher={IEEE}
}

@article{veugen2011comparing,
	title={Comparing encrypted data},
	author={Veugen, Thijs},
	journal={Multimedia Signal Processing Group, Delft University of Technology, The Netherlands, and TNO Information and Communication Technology, Delft, The Netherlands, Tech. Rep},
	year={2011}
}

@inproceedings{Brakerski2012LeveledFH,
	title={(Leveled) fully homomorphic encryption without bootstrapping},
	author={Zvika Brakerski and Craig Gentry and Vinod Vaikuntanathan},
	booktitle={ITCS},
	year={2012}
}

@article{koren2009matrix,
	title={Matrix factorization techniques for recommender systems},
	author={Koren, Yehuda and Bell, Robert and Volinsky, Chris},
	journal={Computer},
	volume={42},
	number={8},
	year={2009},
	publisher={IEEE}
}

@inproceedings{yao1982protocols,
	title={Protocols for secure computations},
	author={Yao, Andrew C},
	booktitle={Foundations of Computer Science, 1982. SFCS'08. 23rd Annual Symposium on},
	pages={160--164},
	year={1982},
	organization={IEEE}
}

@inproceedings{chevallier2006encoding,
	title={Encoding-free ElGamal encryption without random oracles},
	author={Chevallier-Mames, Beno{\^\i}t and Paillier, Pascal and Pointcheval, David},
	booktitle={International Workshop on Public Key Cryptography},
	year={2006},
	organization={Springer}
}

@article{brassard1988minimum,
	title={Minimum disclosure proofs of knowledge},
	author={Brassard, Gilles and Chaum, David and Cr{\'e}peau, Claude},
	journal={Journal of Computer and System Sciences},
	volume={37},
	number={2},
	pages={156--189},
	year={1988},
	publisher={Elsevier}
}

@inproceedings{bos2013improved,
	title={Improved Security for a Ring-Based Fully Homomorphic Encryption Scheme.},
	author={Bos, Joppe W and Lauter, Kristin E and Loftus, Jake and Naehrig, Michael},
	booktitle={IMA Int. Conf.},
	pages={45--64},
	year={2013},
	organization={Springer}
}

@misc{HElib:online,
	author = {},
	title = {HELib},
	howpublished = {\url{https://github.com/shaih/HElib}},
	month = {},
	year = {},
	note = {(Aufgerufen am 21. Mai 2017)}
}

@article{halevi2013design,
	title={Design and implementation of a homomorphic-encryption library},
	author={Halevi, Shai and Shoup, Victor},
	journal={IBM Research (Manuscript)},
	volume={6},
	pages={12--15},
	year={2013}
}

@misc{libcrypt:online,
	author = {},
	title = {HELib},
	howpublished = {\url{https://gnupg.org/related_software/libgcrypt/}},
	month = {},
	year = {},
	note = {(Aufgerufen am 21. Mai 2017)}
}

@inproceedings{popa2011cryptdb,
	title={CryptDB: protecting confidentiality with encrypted query processing},
	author={Popa, Raluca Ada and Redfield, Catherine and Zeldovich, Nickolai and Balakrishnan, Hari},
	booktitle={Proceedings of the Twenty-Third ACM Symposium on Operating Systems Principles},
	pages={85--100},
	year={2011},
	organization={ACM}
}

@misc{gmp:online,
	author = {},
	title = {GNU Multiple Precision Library (GMP)},
	howpublished = {\url{https://gmplib.org/}},
	month = {},
	year = {},
	note = {(Aufgerufen am 21. Mai 2017)}
}

@misc{nlt:online,
	author = {},
	title = {NTL: A Library for doing Number Theory},
	howpublished = {\url{http://www.shoup.net/ntl/}},
	month = {},
	year = {},
	note = {(Aufgerufen am 21. Mai 2017)}
}


@misc{ciphermed:online,
	author = {Raphael Bost, Raluca Ada Popa, Stephen Tu},
	title = {Implementation of Machine Learning Classification over Encrypted Data},
	howpublished = {\url{https://github.com/rbost/ciphermed/tree/master/src/crypto/}},
	month = {},
	year = {},
	note = {(Aufgerufen am 21. Mai 2017)}
}

@incollection{brakerski2012fully,
	title={Fully homomorphic encryption without modulus switching from classical GapSVP},
	author={Brakerski, Zvika},
	booktitle={Advances in Cryptology--CRYPTO 2012},
	pages={868--886},
	publisher={Springer}
}

@inproceedings{gennaro2010non,
	title={Non-interactive verifiable computing: Outsourcing computation to untrusted workers},
	author={Gennaro, Rosario and Gentry, Craig and Parno, Bryan},
	booktitle={Annual Cryptology Conference},
	pages={465--482},
	year={2010},
	organization={Springer}
}