@misc{HowOnlin70,
	author = {},
	title = {How Online Tracking Companies Know Most of What You Do Online (and What Social Networks Are Doing to Help Them) | Electronic Frontier Foundation},
	howpublished = {\url{https://www.eff.org/deeplinks/2009/09/online-trackers-and-social-networks}},
	month = {09},
	year = {2009},
	note = {(Accessed on 02/08/2017)}
}

@misc{BDSGEinz5,
	author = {},
	title = {BDSG - Einzelnorm},
	howpublished = {\url{https://www.gesetze-im-internet.de/bdsg_1990/__3a.html}},
	month = {},
	year = {},
	note = {(Accessed on 02/08/2017)}
}

@inproceedings{englehardt2016online,
	title={Online tracking: A 1-million-site measurement and analysis},
	author={Englehardt, Steven and Narayanan, Arvind},
	booktitle={Proceedings of the 2016 ACM SIGSAC Conference on Computer and Communications Security},
	pages={1388--1401},
	year={2016},
	organization={ACM}
}

@misc{NeueEUDa50,
	author = {},
	title = {Neue EU-Datenschutzregeln: Facebook erst ab 16 Jahren | heise online},
	howpublished = {\url{https://www.heise.de/newsticker/meldung/Neue-EU-Datenschutzregeln-Facebook-erst-ab-16-Jahren-3044585.html}},
	month = {},
	year = {},
	note = {(Accessed on 02/08/2017)}
}

@article{lysyanskaya2008keep,
	title={How to keep secrets safe},
	author={Lysyanskaya, Anna},
	journal={Scientific American},
	volume={299},
	number={3},
	pages={88--95},
	year={2008},
	publisher={Nature Publishing Group}
	
	Zitiert: 2
}

@inproceedings{yao1982protocols,
	title={Protocols for secure computations},
	author={Yao, Andrew C},
	booktitle={Foundations of Computer Science, 1982. SFCS'08. 23rd Annual Symposium on},
	pages={160--164},
	year={1982},
	organization={IEEE}
	
	Zitiert: 3288
}

@book{Cramer,
	author = {Cramer, Ronald and Damgrd, Ivan Bjerre and Nielsen, Jesper Buus},
	title = {Secure Multiparty Computation and Secret Sharing},
	year = {2015},
	isbn = {1107043050, 9781107043053},
	edition = {1st},
	publisher = {Cambridge University Press},
	address = {New York, NY, USA},
} 

@incollection{cramer2009,
	title={Multiparty computation, an introduction},
	author={Cramer, Ronald and Damg{\aa}rd, Ivan},
	year={2009},
	
	https://pdfs.semanticscholar.org/6ae2/38ab990dd0c97fa972dc6087da7aaece4279.pdf	
	Zitiert: 83
}

@book{smart2003,
	title={Cryptography: An Introduction},
	author={Smart, Nigel Paul},
	volume={5},
	year={2003},
	publisher={McGraw-Hill New York}
	
	https://www.cs.umd.edu/~waa/414-F11/IntroToCrypto.pdf
	S.385 f
	Zitiert: 205
}

@inproceedings{goldreich1987play,
	title={How to play any mental game},
	author={Goldreich, Oded and Micali, Silvio and Wigderson, Avi},
	booktitle={Proceedings of the nineteenth annual ACM symposium on Theory of computing},
	pages={218--229},
	year={1987},
	organization={ACM}
	
	Zitiert: 3364
}


@misc{CZ,
	author = {Christian Zielinski},
	title = {Introduction to Secure Multi-Party Computations},
	howpublished = {\url{https://github.com/czielinski/secmultipartycomp/blob/master/slides/sec_multi_party_comp.pdf}},
	month = {},
	year = {2015},
	note = {(Accessed on 02/08/2017)}
}

@inproceedings{benaloh1986secret,
	title={Secret sharing homomorphisms: Keeping shares of a secret secret},
	author={Benaloh, Josh Cohen},
	booktitle={Conference on the Theory and Application of Cryptographic Techniques},
	pages={251--260},
	year={1986},
	organization={Springer}
}

@inproceedings{chaum1988multiparty,
	title={Multiparty unconditionally secure protocols},
	author={Chaum, David and Cr{\'e}peau, Claude and Damgard, Ivan},
	booktitle={Proceedings of the twentieth annual ACM symposium on Theory of computing},
	pages={11--19},
	year={1988},
	organization={ACM}
}

@inproceedings{goldreich1987play,
	title={How to play any mental game},
	author={Goldreich, Oded and Micali, Silvio and Wigderson, Avi},
	booktitle={Proceedings of the nineteenth annual ACM symposium on Theory of computing},
	pages={218--229},
	year={1987},
	organization={ACM}
}

@misc{BASamim,
	author = "Mohammad Harun Samim Faiz",
	title = {{Untersuchung und Implementierung ausgew채hlter	homomorpher Hashing-Verfahren f체r die Integrit채tspr체fung homomorpher Chiffrate}}
	year={2016},
}

@inproceedings{schoenmakers1999simple,
	title={A simple publicly verifiable secret sharing scheme and its application to electronic voting},
	author={Schoenmakers, Berry},
	booktitle={Annual International Cryptology Conference},
	pages={148--164},
	year={1999},
	organization={Springer}
}

@article{shamir1979share,
	title={How to share a secret},
	author={Shamir, Adi},
	journal={Communications of the ACM},
	volume={22},
	number={11},
	pages={612--613},
	year={1979},
	publisher={ACm}
}


