@inbook{mm2015itsec,
	title={Vorlesung IT-Sicherheit},
	chapter={2. Grundlegendes},
	author={Prof. Dr. Michael Meier},
	year={WS2015/16},
	organization={University of Bonn} 	
}

@book{delfs2002introduction,
	title={Introduction to cryptography},
	author={Delfs, Hans and Knebl, Helmut and Knebl, Helmut},
	volume={2},
	year={2002},
	publisher={Springer}
}

@book{stinson2006cryptography,
	title={Cryptography: theory and practice},
	author={Stinson, Douglas R},
	year={2006},
	publisher={CRC press}
}

@misc{Cryptosy29:online,
	author = {},
	title = {Cryptosystem - Wikipedia},
	howpublished = {\url{https://en.wikipedia.org/wiki/Cryptosystem}},
	month = {},
	year = {},
	note = {(Accessed on 03/28/2017)}
}

@book{buchmann2004introduction,
	title={Introduction to cryptography},
	author={Buchmann, Johannes},
	year={2004},
	publisher={Springer Science \& Business Media}
}

@article{goldwasser1984probabilistic,
	title={Probabilistic encryption},
	author={Goldwasser, Shafi and Micali, Silvio},
	journal={Journal of computer and system sciences},
	volume={28},
	number={2},
	pages={270--299},
	year={1984},
	publisher={Elsevier}
}

@inbook{tr2015la,
	title={Vorlesung Lineare Algebra},
	author={Prof. Dr. Thoralf RÃ¤sch},
	year={SS2015},
	organization={University of Bonn} 	
}

@inproceedings{nikolaenko2013privacy,
	title={Privacy-preserving matrix factorization},
    author={Nikolaenko, Valeria and Ioannidis, Stratis and Weinsberg, Udi and Joye, Marc and Taft, Nina and Boneh, Dan},
    booktitle={Proceedings of the 2013 ACM SIGSAC conference on Computer \& communications security},
    pages={801--812},
    year={2013},
    organization={ACM}

}

@inproceedings{boneh2012targeted,
	title={Targeted malleability: homomorphic encryption for restricted computations},
	author={Boneh, Dan and Segev, Gil and Waters, Brent},
	booktitle={Proceedings of the 3rd Innovations in Theoretical Computer Science Conference},
	pages={350--366},
	year={2012},
	organization={ACM}
}

@inproceedings{bost2015machine,
	title={Machine Learning Classification over Encrypted Data.},
	author={Bost, Raphael and Popa, Raluca Ada and Tu, Stephen and Goldwasser, Shafi},
	booktitle={NDSS},
	year={2015}
}

@inproceedings{tople2013autocrypt,
	title={AUTOCRYPT: enabling homomorphic computation on servers to protect sensitive web content},
	author={Tople, Shruti and Shinde, Shweta and Chen, Zhaofeng and Saxena, Prateek},
	booktitle={Proceedings of the 2013 ACM SIGSAC conference on Computer \& communications security},
	pages={1297--1310},
	year={2013},
	organization={ACM}
}

@book{smart2003,
	title={Cryptography: An Introduction},
	author={Smart, Nigel Paul},
	volume={5},
	year={2003},
	publisher={McGraw-Hill New York}
}

@article{kuribayashi2005fingerprinting,
	title={Fingerprinting protocol for images based on additive homomorphic property},
	author={Kuribayashi, Minoru and Tanaka, Hatsukazu},
	journal={IEEE Transactions on Image Processing},
	volume={14},
	number={12},
	pages={2129--2139},
	year={2005},
	publisher={IEEE}
}

@inproceedings{erkin2009privacy,
	title={Privacy-preserving face recognition},
	author={Erkin, Zekeriya and Franz, Martin and Guajardo, Jorge and Katzenbeisser, Stefan and Lagendijk, Inald and Toft, Tomas},
	booktitle={International Symposium on Privacy Enhancing Technologies Symposium},
	pages={235--253},
	year={2009},
	organization={Springer}
}

@inproceedings{sadeghi2009efficient,
	title={Efficient privacy-preserving face recognition},
	author={Sadeghi, Ahmad-Reza and Schneider, Thomas and Wehrenberg, Immo},
	booktitle={International Conference on Information Security and Cryptology},
	pages={229--244},
	year={2009},
	organization={Springer}
}

@inproceedings{damgaard2007efficient,
	title={Efficient and secure comparison for on-line auctions},
	author={Damg{\aa}rd, Ivan and Geisler, Martin and Kr{\o}igaard, Mikkel},
	booktitle={Australasian Conference on Information Security and Privacy},
	pages={416--430},
	year={2007},
	organization={Springer}
}