@book{delfs2002introduction,
	title={Introduction to cryptography},
	author={Delfs, Hans and Knebl, Helmut and Knebl, Helmut},
	volume={2},
	year={2002},
	publisher={Springer}
}

@book{menezes1996handbook,
	title={Handbook of applied cryptography},
	author={Menezes, Alfred J and Van Oorschot, Paul C and Vanstone, Scott A},
	year={1996},
	publisher={CRC press}
}

@book{stinson2006cryptography,
	title={Cryptography: theory and practice},
	author={Stinson, Douglas R},
	year={2006},
	publisher={CRC press}
}

@misc{Cryptosy29:online,
	author = {},
	title = {Cryptosystem - Wikipedia},
	howpublished = {\url{https://en.wikipedia.org/wiki/Cryptosystem}},
	month = {},
	year = {},
	note = {(Accessed on 03/28/2017)}
}

@book{menezes1996handbook,
	title={Handbook of applied cryptography},
	author={Menezes, Alfred J and Van Oorschot, Paul C and Vanstone, Scott A},
	year={1996},
	publisher={CRC press}
}

@book{buchmann2004introduction,
	title={Introduction to cryptography},
	author={Buchmann, Johannes},
	year={2004},
	publisher={Springer Science \& Business Media}
}

@article{goldwasser1984probabilistic,
	title={Probabilistic encryption},
	author={Goldwasser, Shafi and Micali, Silvio},
	journal={Journal of computer and system sciences},
	volume={28},
	number={2},
	pages={270--299},
	year={1984},
	publisher={Elsevier}
}

@article{tr2015la,
	title={Lernbuch Lineare Algebra und Analytische Geometrie},
	author={Fischer, Gerd},
	journal={Vieweg+ Teubner, Wiesbaden},
	year={2011},
	publisher={Springer}
}

@inproceedings{nikolaenko2013privacy,
	title={Privacy-preserving matrix factorization},
    author={Nikolaenko, Valeria and Ioannidis, Stratis and Weinsberg, Udi and Joye, Marc and Taft, Nina and Boneh, Dan},
    booktitle={Proceedings of the 2013 ACM SIGSAC conference on Computer \& communications security},
    pages={801--812},
    year={2013},
    organization={ACM}

}

@inproceedings{boneh2012targeted,
	title={Targeted malleability: homomorphic encryption for restricted computations},
	author={Boneh, Dan and Segev, Gil and Waters, Brent},
	booktitle={Proceedings of the 3rd Innovations in Theoretical Computer Science Conference},
	pages={350--366},
	year={2012},
	organization={ACM}
}

@inproceedings{bost2015machine,
	title={Machine Learning Classification over Encrypted Data.},
	author={Bost, Raphael and Popa, Raluca Ada and Tu, Stephen and Goldwasser, Shafi},
	booktitle={NDSS},
	year={2015}
}

@inproceedings{tople2013autocrypt,
	title={AUTOCRYPT: enabling homomorphic computation on servers to protect sensitive web content},
	author={Tople, Shruti and Shinde, Shweta and Chen, Zhaofeng and Saxena, Prateek},
	booktitle={Proceedings of the 2013 ACM SIGSAC conference on Computer \& communications security},
	pages={1297--1310},
	year={2013},
	organization={ACM}
}

@book{smart2003,
	title={Cryptography: An Introduction},
	author={Smart, Nigel Paul},
	volume={5},
	year={2003},
	publisher={McGraw-Hill New York}
}

@article{kuribayashi2005fingerprinting,
	title={Fingerprinting protocol for images based on additive homomorphic property},
	author={Kuribayashi, Minoru and Tanaka, Hatsukazu},
	journal={IEEE Transactions on Image Processing},
	volume={14},
	number={12},
	pages={2129--2139},
	year={2005},
	publisher={IEEE}
}

@inproceedings{erkin2009privacy,
	title={Privacy-preserving face recognition},
	author={Erkin, Zekeriya and Franz, Martin and Guajardo, Jorge and Katzenbeisser, Stefan and Lagendijk, Inald and Toft, Tomas},
	booktitle={International Symposium on Privacy Enhancing Technologies Symposium},
	pages={235--253},
	year={2009},
	organization={Springer}
}

@inproceedings{sadeghi2009efficient,
	title={Efficient privacy-preserving face recognition},
	author={Sadeghi, Ahmad-Reza and Schneider, Thomas and Wehrenberg, Immo},
	booktitle={International Conference on Information Security and Cryptology},
	pages={229--244},
	year={2009},
	organization={Springer}
}

@inproceedings{damgaard2007efficient,
	title={Efficient and secure comparison for on-line auctions},
	author={Damg{\aa}rd, Ivan and Geisler, Martin and Kr{\o}igaard, Mikkel},
	booktitle={Australasian Conference on Information Security and Privacy},
	pages={416--430},
	year={2007},
	organization={Springer}
}

@article{okamoto1998new,
	title={A new public-key cryptosystem as secure as factoring},
	author={Okamoto, Tatsuaki and Uchiyama, Shigenori},
	journal={Advances in Cryptology—EUROCRYPT'98},
	pages={308--318},
	year={1998},
	publisher={Springer}
}

@article{bos2014private,
	title={Private predictive analysis on encrypted medical data},
	author={Bos, Joppe W and Lauter, Kristin and Naehrig, Michael},
	journal={Journal of biomedical informatics},
	volume={50},
	pages={234--243},
	year={2014},
	publisher={Elsevier}
}

@inproceedings{damgaard2001generalisation,
	title={A generalisation, a simpli. cation and some applications of paillier's probabilistic public-key system},
	author={Damg{\aa}rd, Ivan and Jurik, Mads},
	booktitle={International Workshop on Public Key Cryptography},
	pages={119--136},
	year={2001},
	organization={Springer}
}

@inproceedings{bos2013improved,
	title={Improved Security for a Ring-Based Fully Homomorphic Encryption Scheme.},
	author={Bos, Joppe W and Lauter, Kristin E and Loftus, Jake and Naehrig, Michael},
	booktitle={IMA Int. Conf.},
	pages={45--64},
	year={2013},
	organization={Springer}
}

@inproceedings{naehrig2011can,
	title={Can homomorphic encryption be practical?},
	author={Naehrig, Michael and Lauter, Kristin and Vaikuntanathan, Vinod},
	booktitle={Proceedings of the 3rd ACM workshop on Cloud computing security workshop},
	pages={113--124},
	year={2011},
	organization={ACM}
}

@inproceedings{naccache1998new,
	title={A new public key cryptosystem based on higher residues},
	author={Naccache, David and Stern, Jacques},
	booktitle={Proceedings of the 5th ACM conference on Computer and communications security},
	pages={59--66},
	year={1998},
	organization={ACM}
}

@article{okamoto1998new,
	title={A new public-key cryptosystem as secure as factoring},
	author={Okamoto, Tatsuaki and Uchiyama, Shigenori},
	journal={Advances in Cryptology—EUROCRYPT'98},
	pages={308--318},
	year={1998},
	publisher={Springer}
}

@inproceedings{paillier1999public,
	title={Public-key cryptosystems based on composite degree residuosity classes},
	author={Paillier, Pascal},
	booktitle={International Conference on the Theory and Applications of Cryptographic Techniques},
	pages={223--238},
	year={1999},
	organization={Springer}
}

@inproceedings{boneh2005evaluating,
	title={Evaluating 2-DNF formulas on ciphertexts},
	author={Boneh, Dan and Goh, Eu-Jin and Nissim, Kobbi},
	booktitle={Theory of Cryptography Conference},
	pages={325--341},
	year={2005},
	organization={Springer}
}

@article{maimut2012homomorphic,
	title={Homomorphic encryption schemes and applications for a secure digital world},
	author={Maimut, Diana Stefania and Patrascu, Alecsandru and Simion, Emil},
	journal={Journal of Mobile, Embedded and Distributed Systems},
	volume={4},
	number={4},
	pages={224--232},
	year={2012}
}

@article{fontaine2007survey,
	title={A survey of homomorphic encryption for nonspecialists},
	author={Fontaine, Caroline and Galand, Fabien},
	journal={EURASIP Journal on Information Security},
	volume={2007},
	number={1},
	pages={1--10},
	year={2007},
	publisher={Springer}
}

@article{rivest1978method,
	title={A method for obtaining digital signatures and public-key cryptosystems},
	author={Rivest, Ronald L and Shamir, Adi and Adleman, Leonard},
	journal={Communications of the ACM},
	volume={21},
	number={2},
	pages={120--126},
	year={1978},
	publisher={ACM}
}


@article{diffie1976new,
	title={New directions in cryptography},
	author={Diffie, Whitfield and Hellman, Martin},
	journal={IEEE transactions on Information Theory},
	volume={22},
	number={6},
	pages={644--654},
	year={1976},
	publisher={IEEE}
}

@book{katz2014introduction,
	title={Introduction to modern cryptography},
	author={Katz, Jonathan and Lindell, Yehuda},
	year={2014},
	publisher={CRC press}
}

@phdthesis{gentry2009fully,
	title={A fully homomorphic encryption scheme},
	author={Gentry, Craig},
	year={2009},
	school={Stanford University}
}

@book{hoffmann2010grundlagen,
	title={Grundlagen der technischen Informatik},
	author={Hoffmann, Dirk W},
	year={2010},
	publisher={Carl Hanser Verlag GmbH Co KG}
}

@book{yi2014homomorphic,
	title={Homomorphic encryption and applications},
	author={Yi, Xun and Paulet, Russell and Bertino, Elisa},
	volume={3},
	year={2014},
	publisher={Springer}
}

